<record><leader>00000cas a2200000 a 4500</leader><controlfield tag="001">36404579</controlfield><controlfield tag="008">970218c19uu9999txumr ne      0    0eng c</controlfield><datafield ind1=" " ind2=" " tag="010"><subfield code="a">  2010240104</subfield></datafield><datafield ind1=" " ind2=" " tag="040"><subfield code="a">TXG</subfield><subfield code="b">eng</subfield><subfield code="c">TXG</subfield><subfield code="d">OCL</subfield><subfield code="d">OCLCQ</subfield><subfield code="d">TXG</subfield><subfield code="d">IXA</subfield><subfield code="d">OCLCQ</subfield><subfield code="d">OCLCO</subfield></datafield><datafield ind1=" " ind2=" " tag="042"><subfield code="a">pcc</subfield></datafield><datafield ind1=" " ind2=" " tag="043"><subfield code="a">n-us-tx</subfield></datafield><datafield ind1="1" ind2="4" tag="050"><subfield code="a">F395.J5</subfield><subfield code="b">J495</subfield></datafield><datafield ind1="0" ind2=" " tag="130"><subfield code="a">Jewish outlook (Austin, Tex.)</subfield></datafield><datafield ind1="1" ind2="4" tag="245"><subfield code="a">The Jewish outlook.</subfield></datafield><datafield ind1=" " ind2=" " tag="260"><subfield code="3">&lt;May 1999-&gt;</subfield><subfield code="a">Austin, Tex. :</subfield><subfield code="b">Jewish Federation of Austin</subfield></datafield><datafield ind1="3" ind2=" " tag="260"><subfield code="3">&lt;Apr. 2000-&gt;</subfield><subfield code="a">Austin, Tex. :</subfield><subfield code="b">Jewish Community Association of Austin</subfield></datafield><datafield ind1=" " ind2=" " tag="300"><subfield code="a">v. :</subfield><subfield code="b">ill. ;</subfield><subfield code="c">34-44 cm.</subfield></datafield><datafield ind1=" " ind2=" " tag="310"><subfield code="a">Monthly,</subfield><subfield code="b">&lt;Apr. 2000-&gt;</subfield></datafield><datafield ind1=" " ind2=" " tag="321"><subfield code="a">Ten issues a year,</subfield><subfield code="b">&lt;May 1999-&gt;</subfield></datafield><datafield ind1=" " ind2=" " tag="588"><subfield code="a">Description based on: Vol. 34, no. 9 (May 1999); title from caption.</subfield></datafield><datafield ind1=" " ind2=" " tag="588"><subfield code="a">Latest issue consulted: Vol. 45, no. 5 (Jan. 2010).</subfield></datafield><datafield ind1="2" ind2="0" tag="610"><subfield code="a">Jewish Federation of Austin</subfield><subfield code="v">Newspapers.</subfield></datafield><datafield ind1="2" ind2="0" tag="610"><subfield code="a">Jewish Community Association of Austin</subfield><subfield code="v">Newspapers.</subfield></datafield><datafield ind1=" " ind2="0" tag="650"><subfield code="a">Jewish newspapers</subfield><subfield code="z">Texas</subfield><subfield code="z">Austin.</subfield></datafield><datafield ind1="2" ind2=" " tag="710"><subfield code="a">Jewish Federation of Austin.</subfield></datafield><datafield ind1="2" ind2=" " tag="710"><subfield code="a">Jewish Community Association of Austin.</subfield></datafield></record>